<collection xmlns="http://www.loc.gov/MARC21/slim">
<record>
  <leader>01992nam0a22002891i 450 </leader>
  <controlfield tag="001">IT\ICCU\CNCE\060998</controlfield>
  <controlfield tag="005">20150427000000.0</controlfield>
  <datafield tag="012" ind1=" " ind2=" ">
    <subfield code="a">e-a. r-a- ila- tisi (C) 1566 (A)</subfield>
    <subfield code="2">fei</subfield>
  </datafield>
  <datafield tag="100" ind1=" " ind2=" ">
    <subfield code="a">20050826d1566        0itac0103    ba</subfield>
  </datafield>
  <datafield tag="101" ind1=" " ind2=" ">
    <subfield code="a">ITA</subfield>
  </datafield>
  <datafield tag="102" ind1=" " ind2=" ">
    <subfield code="a">IT</subfield>
  </datafield>
  <datafield tag="200" ind1="1" ind2=" ">
    <subfield code="a">Dialogo di tutte le cose notabili, che sono in Venetia, cio,̈ pittori &amp; pitture, scultori &amp; scolture, vsanze antiche, fabriche e palazzi, principi di Vinetia, nomi delle parocchie, tutti li corpi santi in qual chiesa si trouino, discrittion del popolo, et vittuarie; con la prima origine della edification di questa citt;̉ et aggiuntoui nuouamente il summario di tutte le guerre dalla presa di Costantinopoli fin&apos;hora presente</subfield>
  </datafield>
  <datafield tag="210" ind1=" " ind2=" ">
    <subfield code="e">In Vinetia</subfield>
    <subfield code="g">appresso Dominico de&apos;Franceschi in Frezzeria all&apos;insegna della Regina</subfield>
    <subfield code="h">1566</subfield>
  </datafield>
  <datafield tag="215" ind1=" " ind2=" ">
    <subfield code="a">\52! c.</subfield>
    <subfield code="d">8ʻ</subfield>
  </datafield>
  <datafield tag="620" ind1=" " ind2=" ">
    <subfield code="a">IT</subfield>
    <subfield code="d">Venezia</subfield>
  </datafield>
  <datafield tag="700" ind1=" " ind2="1">
    <subfield code="a">Sansovino,</subfield>
    <subfield code="b">Francesco</subfield>
    <subfield code="3">IT\ICCU\CNCA\000140</subfield>
  </datafield>
  <datafield tag="712" ind1="0" ind2="0">
    <subfield code="a">De_Franceschi, Domenico</subfield>
    <subfield code="3">IT\ICCU\CNCT\000001</subfield>
    <subfield code="4">650</subfield>
  </datafield>
  <datafield tag="790" ind1=" " ind2="1">
    <subfield code="a">Tatti,</subfield>
    <subfield code="b">Giovanni</subfield>
    <subfield code="3">IT\ICCU\CNCA\018531</subfield>
    <subfield code="z">Sansovino, Francesco</subfield>
  </datafield>
  <datafield tag="790" ind1=" " ind2="1">
    <subfield code="a">Guisconi,</subfield>
    <subfield code="b">Anselmo</subfield>
    <subfield code="3">IT\ICCU\CNCA\026417</subfield>
    <subfield code="z">Sansovino, Francesco</subfield>
  </datafield>
  <datafield tag="791" ind1="0" ind2="0">
    <subfield code="a">Franceschi, Domenico de</subfield>
    <subfield code="3">IT\ICCU\CNCT\003739</subfield>
    <subfield code="z">De_Franceschi, Domenico</subfield>
  </datafield>
  <datafield tag="791" ind1="0" ind2="0">
    <subfield code="a">Franciscis, Dominicus de</subfield>
    <subfield code="3">IT\ICCU\CNCT\003740</subfield>
    <subfield code="z">De_Franceschi, Domenico</subfield>
  </datafield>
  <datafield tag="801" ind1=" " ind2="3">
    <subfield code="a">IT</subfield>
    <subfield code="b">ICCU</subfield>
    <subfield code="c">20201115</subfield>
  </datafield>
  <datafield tag="899" ind1=" " ind2=" ">
    <subfield code="a">Biblioteca universitaria. Bologna</subfield>
    <subfield code="1">BO0098</subfield>
    <subfield code="2">UBO BU</subfield>
  </datafield>
  <datafield tag="899" ind1=" " ind2=" ">
    <subfield code="a">Biblioteca Arcivescovile. Udine</subfield>
    <subfield code="1">UD0100</subfield>
    <subfield code="2">ZUD 11</subfield>
  </datafield>
  <datafield tag="899" ind1=" " ind2=" ">
    <subfield code="a">Biblioteca d&apos;arte del Museo civico Correr. Venezia</subfield>
    <subfield code="1">VE0039</subfield>
    <subfield code="2">VEA BC</subfield>
  </datafield>
  <datafield tag="921" ind1=" " ind2=" ">
    <subfield code="a">IT\ICCU\CNCM\001342</subfield>
    <subfield code="b">Virt ̮(donna coronata con lo scettro in una mano e nell&apos;altra un libro). In cornice figurata</subfield>
    <subfield code="e">Regina virtus.</subfield>
    <subfield code="c">U299</subfield>
    <subfield code="d">Dimensioni: 5 x 6,3</subfield>
    <subfield code="f">REGINAVIRT</subfield>
    <subfield code="f">VIRTU</subfield>
    <subfield code="g">1566-1576</subfield>
  </datafield>
  <datafield tag="921" ind1=" " ind2=" ">
    <subfield code="a">IT\ICCU\CNCM\001582</subfield>
    <subfield code="b">Virt ̮(donna coronata in piedi con uno scettro nella destra e un libro nella sinistra, affiancata da uno strumento musicale e da una sfera armillare)</subfield>
    <subfield code="e">Regina virtus</subfield>
    <subfield code="c">U478</subfield>
    <subfield code="d">Dimensioni. 7,9 x 9,5</subfield>
    <subfield code="f">VIRTU&apos;</subfield>
    <subfield code="f">REGINA</subfield>
    <subfield code="g">1566</subfield>
  </datafield>
</record>
</collection>
